@BOOK{LibroLatex,
   author = {{Cascales Salinas, Bernardo} and others},
   publisher = {ADI},
   title = {\LaTeX{}, una imprenta en sus manos},
   year = {2000}
}

@ARTICLE{armistice,
   author = {{Cabrero, David}, {Abalde, Carlos},
             {Varela, Carlos} and {Castro, Laura}},
   title = {ARMISTICE: An Experience Developing
            Management Software with Erlang},
   journal = {Principles, Logics, and Implementations of
              High-Level Programming Languages (PLI'03)},
   month = {Agosto},
   year = {2003}
}

@MANUAL{shortLatex,
   title = {The not so short introduction to \LaTeXee},
   author = {Oetiker, Tobias}
}

@MISC{faq,
   title = {FAQ de CervanTeX},
   howpublished = {\texttt{www.tug.org/tex-archive/help/es-tex-faq/FAQ-CervanTeX.pdf}},
   year = {2002}
}

@MISC{shootout1,
   title = {The Great Win32 Computer Language Shootout},
   howpublished = {\texttt{http://dada.perl.it/shootout/}},
   year = {2003}
}

@MISC{shootout2,
   title = {The Computer Language Benchmarks Game},
   howpublished = {\texttt{http://shootout.alioth.debian.org/}},
   year = {2007}
}
